@article{lyons, title={What Keeps Stablecoins Stable?},  journal={Working Paper}, author={Lyons, Richard K and Viswanath-Natraj, Ganesh}, year={2020}}

@article{wei, title={The Impact of Tether Grants on Bitcoin},  journal={Economics Letters}, year={2018}, volume={171}, author={Wei, Wang Chun}, pages={19-22}}

@article{primiceri, title={Time Varying Structural Vector Autoregressions and Monetary Policy},  journal={The Review of Economic Studies}, year={2005}, volume={72}, author={Primiceri, Giorgio E}, pages={821-852}}

@article{cfp, title={Estimating overidentified, nonrecursive, time‚Äêvarying coefficients structural vector autoregressions},  journal={Quantitative Economics}, year={2015}, volume={6}, author={Canova, Fabio and Perez Forero, Fernando J}, pages={359-384}}

@article{kim, title={Stochastic Volatility: Likelihood Inference and Comparison with ARCH Models},  journal={The Review of Economic Studies}, year={1998}, volume={65}, author={Kim, Sangjoon and Shephard, Neil and Chib, Siddhartha}, pages={361-393}}